@article{KalraBarr1989,
 author = {Kalra, D. and Barr, A. H.},
 title = {Guaranteed Ray Intersections with Implicit Surfaces},
 journal = {SIGGRAPH Comput. Graph.},
 issue_date = {July 1989},
 volume = {23},
 number = {3},
 month = jul,
 year = {1989},
 issn = {0097-8930},
 pages = {297--306},
 numpages = {10},
 url = {http://doi.acm.org.ezproxy.library.uvic.ca/10.1145/74334.74364},
 doi = {10.1145/74334.74364},
 acmid = {74364},
 publisher = {ACM},
 address = {New York, NY, USA},
}

@misc{PPM,
title = {\textsc{PPM} Format Specification},
howpublished = {\url{http://netpbm.sourceforge.net/doc/ppm.html}},
note = {Accessed: 2014-08-03}
}

@book{Shirley,
 author = {Shirley, Peter and Marschner, Steve},
 title = {Fundamentals of Computer Graphics},
 year = {2009},
 isbn = {1568814690, 9781568814698},
 edition = {3rd},
 publisher = {A. K. Peters, Ltd.},
 address = {Natick, MA, USA},
}

@article{RealTimeGPU,
author={Singh, J.M. and Narayanan, P. J.},
journal={Visualization and Computer Graphics, IEEE Transactions on},
title={Real-Time Ray Tracing of Implicit Surfaces on the GPU},
year={2010},
month={March},
volume={16},
number={2},
pages={261-272},
keywords={parallel processing;ray tracing;real-time systems;Blinns blobby;GPU;SIMD architecture;Taylor test;adaptive marching points;compact representation geometry;general implicit surface;implicit surfaces;interactive frame rates;programmable graphics processor units;real-time ray tracing;suitable procedural mathematical model;trace arbitrary implicit surfaces;tracing algebraic surfaces;Geometry;Graphics;Mathematical model;Ray tracing;Rendering (computer graphics);Sampling methods;Size measurement;Surface fitting;Testing;Velocity measurement;GPU rendering.;Ray tracing;implicit surfaces;Algorithms;Computer Graphics;Computer Simulation;Computer Systems;Image Interpretation, Computer-Assisted;Light;Models, Theoretical;Scattering, Radiation;Signal Processing, Computer-Assisted},
doi={10.1109/TVCG.2009.41},
ISSN={1077-2626},}

@inproceedings{RealTimeIntervals,
author={Knoll, A and Hijazi, Y. and Hansen, C. and Wald, I and Hagen, H.},
booktitle={Interactive Ray Tracing, 2007. RT '07. IEEE Symposium on},
title={Interactive Ray Tracing of Arbitrary Implicits with SIMD Interval Arithmetic},
year={2007},
month={Sept},
pages={11-18},
keywords={digital arithmetic;parallel processing;ray tracing;SIMD interval arithmetic;arbitrary implicit surfaces;coherent ray traversal algorithm;interactive ray tracing;robust root computation;topological features detection;Arithmetic;Computational geometry;Computer graphics;Computer vision;Data mining;Data structures;Hardware;Ray tracing;Robustness;Solid modeling;I.3.5 [Computer Graphics]: Computational Geometry and Object ModelingÂ¿Curve, surface, solid, and object representations;I.3.7 [Computer Graphics]: Three-Dimensional Graphics and RealismÂ¿Raytracing},
doi={10.1109/RT.2007.4342585},}

@article{RealTimeIntervals2,
author = {Knoll, A. and Hijazi, Y. and Kensler, A. and Schott, M. and Hansen, C. and Hagen, H.},
title = {Fast Ray Tracing of Arbitrary Implicit Surfaces with Interval and Affine Arithmetic},
journal = {Computer Graphics Forum},
volume = {28},
number = {1},
publisher = {Blackwell Publishing Ltd},
issn = {1467-8659},
url = {http://dx.doi.org/10.1111/j.1467-8659.2008.01189.x},
doi = {10.1111/j.1467-8659.2008.01189.x},
pages = {26--40},
keywords = {ray tracing, reduced affine arithmetic, shader metaprogramming},
keywords = {I.3.1, I.3.5, I.3.7 [Computer Graphics]: Graphics processors; curve, surface, solid and object representations; ray tracing},
year = {2009},
}

@inproceedings{deGrootWyvill,
 author = {de Groot, Erwin and Wyvill, Brian},
 title = {Rayskip: Faster Ray Tracing of Implicit Surface Animations},
 booktitle = {Proceedings of the 3rd International Conference on Computer Graphics and Interactive Techniques in Australasia and South East Asia},
 series = {GRAPHITE '05},
 year = {2005},
 isbn = {1-59593-201-1},
 location = {Dunedin, New Zealand},
 pages = {31--36},
 numpages = {6},
 url = {http://doi.acm.org.ezproxy.library.uvic.ca/10.1145/1101389.1101395},
 doi = {10.1145/1101389.1101395},
 acmid = {1101395},
 publisher = {ACM},
 address = {New York, NY, USA},
 keywords = {animation, implicit surfaces, raytracing, temporal coherence},
}

@article{MitchellIntervals,
author = {Mitchell, Don},
title = {Robust ray intersection with interval analysis},
year = {1990},
journal = {Proceedings on graphics interface}
}

@article{CaprianiIntervals,
author = {Capriani, O. and Hvidegaard, L. and Mortensen, M. and Schneider, T.},
title = {Robust and efficient ray intersection of implicit surfaces},
year = {2000},
journal = {Reliable Computing},
volumne = {6},
pages = {9--21}
}

@incollection{FlorezIntervals,
year={2006},
isbn={978-3-540-35638-7},
booktitle={Advances in Computer Graphics},
volume={4035},
series={Lecture Notes in Computer Science},
editor={Nishita, Tomoyuki and Peng, Qunsheng and Seidel, Hans-Peter},
doi={10.1007/11784203_63},
title={Improving the Interval Ray Tracing of Implicit Surfaces},
url={http://dx.doi.org/10.1007/11784203_63},
publisher={Springer Berlin Heidelberg},
author={Florez, Jorge and Sbert, Mateu and Sainz, MiguelA. and Vehí, Josep},
pages={655-664},
language={English}
}
